@unpublished{kaestner:basics,
  author = {Wolfgang Kästner},
  title  = {Modeling and Simulation Basics},
  year   = {2021}
}
@unpublished{kaestner:SCANN,
  author = {Wolfgang Kästner},
  title  = {Soft Computing Artificial Neural Network},
  year   = {2021}
}
@unpublished{kaestner:Mark,
  author = {Wolfgang Kästner},
  title  = {Evaluation of reliability},
  year   = {2021}
}